@MISC{primes,
   author = "Sandeep Krishnamurthy ",
   note = "The Automated Wal-Mart- A Thought Experiment",
   year = 2006,
   howpublished = "\url{http://faculty.washington.edu/sandeep}"
}




@MISC{Udita,
	AUTHOR  = "Udita Gangwal, Sanchita Roy, Jyotsna Bapat",
	TITLE   = "Smart Shopping Cart for Automated Billing Purpose using Wireless Sensor Networks",  
	YEAR    = 2013,
	howpublished  =  "\url{udita.gangwal@iiitb.org, sanchita.roy@iiitb.org, jbapat.iiitb@gmail.com}"
}

@Article{Sainath,
	AUTHOR = "S. Sainath, K. Surender, V. Vikram Arvind",
	title = "Automated Shopping Trolley for Super Market Billing System"
	journal =      "ICCMIT",
	year = 2014,
	annote = "Final Year,  Department of Computer Science and Engineering Hindustan University Chennai, India"
	}

Automated Shopping Trolley for Super Market Billing System- $ _{S. Sainath, K. Surender, V. Vikram Arvind Final Year,  Department of Computer Science and Engineering Hindustan University Chennai, India